

@ARTICLE{FELLER2000a,
      AUTHOR="S. E. Feller",
      TITLE="Molecular dynamics simulations of lipid bilayers",
      JOURNAL="Curr. Op. in Coll. \& Int. Sci.",
      VOLUME="",
      PAGES="",    
      YEAR="2000"

}


@ARTICLE{JAHNIG96,
      AUTHOR="F. Jahnig",
      TITLE="What is the surface tension of a lipid bilayer?",
      JOURNAL="Biophys. J.",
      VOLUME="71",
      PAGES="1348--1349",    
      YEAR="1996"}


@ARTICLE{FELLER96a,
      AUTHOR="S. E. Feller and R. W. Pastor",
      TITLE="On simulating lipid bilayers with an applied surface tension: periodic boundary conditions and undulations",
      JOURNAL="Biophys. J.",
      VOLUME="71",
      PAGES="1350--1355",    
      YEAR="1996"}


@ARTICLE{MACKERELL02,
      AUTHOR="S. E. Feller and K. Gawrisch and A. D. MackKerell Jr.",
      TITLE="Polyunsaturated Fatty Acids in Lipid Bilayers: Intrinsic and Environmental Contributions to Their Unique Physical Properties",
      JOURNAL="J. Am. Chem. Soc.",
      VOLUME="124 (2)",
      PAGES="318--326",    
      YEAR="2002"}


@ARTICLE{FELLER02,
      AUTHOR="S. E. Feller and C. A. Brown and D. T. Nizza and K. Gawrisch",
      TITLE="Nuclear Overhauser Enhancement Spectroscopy Cross-Relaxation Rates and Ethanol Distribution across Membranes",
      JOURNAL="Biophysical Journal",
      VOLUME="82",
      PAGES="1396--1404",    
      YEAR="2002"}


@ARTICLE{SZABO78,
      AUTHOR="R. J. Wittebort and A. Szabo",
      TITLE="Theory of {NMR} relaxation in macromolecules: Restricted diffusion and jump models for multiple internal rotations in amino acids side chains",
      JOURNAL="J. Chem. Phys.",
      VOLUME="69 (4) ",
      PAGES="1722--1736",    
      YEAR="1978"}


@ARTICLE{GAWRISCH99,
      AUTHOR="D. Huster and K. Arnold and K. Gawrisch",
      TITLE="Investigation of Lipid Organization in Biological Membranes by Two-Dimnesional Nuclear Overhauser Enhancement Spectroscopy",
      JOURNAL="J. Phys. Chem. B",
      VOLUME="103",
      PAGES="243--251",    
      YEAR="1999"}


@ARTICLE{SZABO82a,
      AUTHOR="G. Lipari and A. Szabo",
      TITLE="Model-Free Approach to the Interpretation of Nuclear Magnetic Resonance Relaxation in Macromolecules. 1. Theory and Range of Validity",
      JOURNAL="J. Am. Chem. Soc.",
      VOLUME="104",
      PAGES="4546--4559",    
      YEAR="1982"}

@ARTICLE{SZABO82b,
      AUTHOR="G. Lipari and A. Szabo",
      TITLE="Model-Free Approach to the Interpretation of Nuclear Magnetic Resonance Relaxation in Macromolecules. 2. Analysis of Experimental Results",
      JOURNAL="J. Am. Chem. Soc.",
      VOLUME="104",
      PAGES="4559--4570",    
      YEAR="1982"}

@ARTICLE{SAIZ01,
      AUTHOR="L. Saiz and M. L. Klein",
      TITLE="Influence of Highly Polyunsaturated Lipid Acyl Chains of Biomembranes on the NMR Order Parameters",
      JOURNAL="J. Am. Chem. Soc.",
      VOLUME="123",
      PAGES="7381--7387",    
      YEAR="2001"}

@ARTICLE{NAGLE:1999,
      AUTHOR="H. I. Petrache and K. Tu and J. F. Nagle",
      TITLE="Analysis of Simulated NMR Order Parameters for Lipid Bilayer Struture Determination",
      JOURNAL="Biophysical Journal",
      VOLUME="76",
      PAGES="2479--2487",    
      YEAR="1999"}

@ARTICLE{NAGLE:1998,
      AUTHOR="S. T.-Nagle and H. Petrache and J. F. Nagle",
      TITLE="Structure and Interactions of Fully Hydrated Dioleoylphosphatidylcholine Bilayers",
      JOURNAL="Biophysical Journal",
      VOLUME="75",
      PAGES="917--925",    
      YEAR="1998"}

@ARTICLE{SAIZ02,
      AUTHOR="L. Saiz and M. L. Klein",
      TITLE="Computer Simulation Studies of Model Biological Membranes",
      JOURNAL="Acc. Chem. Res.",
      VOLUME="35",
      PAGES="482--489",    
      YEAR="2002"}

@ARTICLE{FELLER98,
      AUTHOR="R. Armen and O. D. Uitto and S. F. Feller",
      TITLE="Phospholipid Component Volumes: Determination and Application to Bilayer Structure Calculations",
      JOURNAL="Biophysical Journal",
      VOLUME="75",
      PAGES="734--744",    
      YEAR="1998"}

@ARTICLE{WHITE98,
      AUTHOR="K. Hristova and S. H. White",
      TITLE="Determination of the Hydrocarbon Core Structure of Fluid Dioleoylphosphotidylcholine {(DOPC)} Bilayers by X-Ray Diffraction Using Specific Bromination of the Double-Bonds: Effect of Hydration",
      JOURNAL="Biophysical Journal",
      VOLUME="74",
      PAGES="2419--2433",    
      YEAR="1998"}

@ARTICLE{PASTOR97,
      AUTHOR="S. E. Feller and R. M. Venable and R. W. Pastor",
      TITLE="Computer Simulation of a {DPPC} Phospholipid Bilayer: Structural Changes as a Function of Molecular Surface Area",
      JOURNAL="Langmuir",
      VOLUME="13",
      PAGES="6555--6561",    
      YEAR="1997"}

@ARTICLE{WHITE92,
      AUTHOR="M. C. Weiner and S. H. White",
      TITLE="Structure of a fluid dioleoylphosphatidylcholine bilayer determined by joint refinement of x-ray and neutron diffraction data {III}. Complete Structure",
      JOURNAL="Biophysical Journal",
      VOLUME="61",
      PAGES="434-447",    
      YEAR="1992"}

@ARTICLE{WHITE99,
      AUTHOR="S. H. White and W. C. Wimley",
      TITLE="Membrane Protein Folding and Stability: Physical Principles",
      JOURNAL="Annu. Rev. Biophys. Biomol. Struct.",
      VOLUME="28",
      PAGES="319--365",    
      YEAR="1999"}

@ARTICLE{GAWRISCH02,
      AUTHOR="K. Gawrisch and N. V. Eldho and I. V. Polozov",
      TITLE="Novel {NMR} tools to study structure and dynamics of biomembranes",
      JOURNAL="Chemistry and Physics of Lipids",
      VOLUME="116",
      PAGES="135--151",    
      YEAR="2002"}

@ARTICLE{GAWRISCH01,
      AUTHOR="H. Binder and K. Gawrisch",
      TITLE="Dehydration Induces Lateral Expansion of Polyunsaturated 18:0 22:6 Phosphotidylcholine in a New Lamellar Phase",
      JOURNAL="Biophysical Journal",
      VOLUME="81",
      PAGES="969--982",    
      YEAR="2001"}

@ARTICLE{BROWN99,
      AUTHOR="T. P. Trouard and A. A. Nevzorov and T. M. Alam and C Job and J Zajicek and M. F. Brown",
      TITLE="Influence of cholesterol on dynamics of dimyristoylphophotidylcholine bilayers as studied by deuterium {NMR} relaxation",
      JOURNAL="J. Chem. Phys.",
      VOLUME="110 (17)",
      PAGES="8802--8818",    
      YEAR="1999"}


@ARTICLE{BROWN86,
      AUTHOR="M. F. Broen and J. F. Ellena and C. Trindle and G. D. Williams",
      TITLE="Frequency Dependence of spin-lattice relaxation times of lipid bilayers",
      JOURNAL="J. Chem. Phys.",
      VOLUME="84 (1)",
      PAGES="465--470",    
      YEAR="1986"}


@ARTICLE{NAGLE:2000,
      AUTHOR="J. F. Nagle and S. Tristam-Nagle",
      TITLE="Structure of lipid bilayers",
      JOURNAL="Biochim. and BioPhys. Acta",
      VOLUME="1469",
      PAGES="159--195",    
      YEAR="2000"}

@ARTICLE{CAFISO93,
      AUTHOR="J. F. Ellena and L. S. Lepore and D. S Cafiso",
      TITLE="Estimating Lipid Lateral Diffusion in Phosphlipid Vesicles from $^13$C Spin--Spin Relaxation",
      JOURNAL="J. Phys. Chem.",
      VOLUME="97",
      PAGES="2952--2957",    
      YEAR="1993"}

@ARTICLE{CAFISO87,
      AUTHOR="J. F. Ellena and R. N. Dominey and D. S. Cafiso",
      TITLE="Molecular Dynamics in Sodium Dodecyl Sulfate Micelles Elucidated Using $^13$C  and $^1$H Spin--Lattice Relaxation, $^13$C Spin-Spin Relaxation, and $^1$H Nuclear Overhauser Effect Spectroscopy",
      JOURNAL="J. Phys. Chem",
      VOLUME="91",
      PAGES="131--137",    
      YEAR="1987"}

@ARTICLE{FELLER99,
      AUTHOR="S. E. Feller and D. Huster and K. Gawrisch",
      TITLE="Interpretation of {NOESY} Cross-Relaxation Rates from Molecular Dynamics Simulation of a Lipid Bilayer",
      JOURNAL="J. Am. Chem. Soc.",
      VOLUME="121",
      PAGES="8963--8964",    
      YEAR="1999"}

@ARTICLE{BROWN87,
      AUTHOR="A. Salmon and S. W. Dodd and G. D. Williams and J. M. Beach and M. F. Brown",
      TITLE="Configurational Statistics of Acyl Chains in Polyunsaturated Lipid Bilayers from $^2$H {NMR}",
      JOURNAL="J. Am. Chem. Soc.",
      VOLUME="109",
      PAGES="2600-2609",    
      YEAR="1987"}

@ARTICLE{BROWN98,
      AUTHOR="A. A. Nevzorov and T. P. Trouard and M. F. Brown",
      TITLE="Lipid bilayer dynamics from simultaneous analysis of orientation and frequency dependence of deuterium spin--lattice and quadrupolar order relaxation",
      JOURNAL="Phys. Rev. E.",
      VOLUME="58 (2)",
      PAGES="2259--2281",    
      YEAR="1998"}

@ARTICLE{LITMAN02,
      AUTHOR="S.-L. Niu and B. J. Litman",
      TITLE="Determination of Membrane Cholesterol Partition Coefficient Using a Lipid Vesicle--Cyclodextrin Binary System: Effect of Phospholipid Acyl Cain Unsaturation and Headgroup Composition",
      JOURNAL="Biophysical J.",
      VOLUME="83",
      PAGES="3408--3415",    
      YEAR="2002"}

@ARTICLE{GAWRISCH00,
      AUTHOR="D. Huster and K. Arnold and K. Gawrisch",
      TITLE="Strength of Ca$^2+$ Binding to Retinal Lipid Membranes: Consequences for Lipid Organization",
      JOURNAL="Biophysical J.",
      VOLUME="78",
      PAGES="3011--3018",    
      YEAR="2000"}

@ARTICLE{OKAZAKI98,
      AUTHOR="W. Shinoda and S. Okazaki",
      TITLE="A Voronoi analysis of lipid area fluctuation in a bilayer",
      JOURNAL="J. Chem. Phys.",
      VOLUME="109 (4)",
      PAGES="1517--1521",    
      YEAR="1998"}

@ARTICLE{BROWN02,
      AUTHOR="T. Huber and K. Rajamoorthi and V. F. Kurze and K. Beyer and M. F. Brown",
      TITLE="Structure of Docosahexaenoic Acid-Containing Phospholipid Bilayers as Studied by $^2$H {NMR} and Molecular Dynamics Simulations",
      JOURNAL="J. Am. Chem. Soc.",
      VOLUME="124 (2)",
      PAGES="298--309",    
      YEAR=""}

@ARTICLE{,
      AUTHOR="",
      TITLE="",
      JOURNAL="",
      VOLUME="",
      PAGES="",    
      YEAR=""}

@ARTICLE{,
      AUTHOR="",
      TITLE="",
      JOURNAL="",
      VOLUME="",
      PAGES="",    
      YEAR=""}

@ARTICLE{,
      AUTHOR="",
      TITLE="",
      JOURNAL="",
      VOLUME="",
      PAGES="",    
      YEAR=""}


